@misc{eloundou2023gpts,
      title={GPTs are GPTs: An Early Look at the Labor Market Impact Potential of Large Language Models}, 
      author={Tyna Eloundou and Sam Manning and Pamela Mishkin and Daniel Rock},
      year={2023},
      eprint={2303.10130},
      archivePrefix={arXiv},
      primaryClass={econ.GN}
}


